% This file was created with JabRef 2.10.
% Encoding: UTF8


@Article{aravind2007physics,
  Title                    = {The physics of the space elevator},
  Author                   = {Aravind, PK},
  Journal                  = {American Journal of Physics},
  Year                     = {2007},
  Number                   = {2},
  Pages                    = {125--130},
  Volume                   = {75},

  Publisher                = {AAPT}
}

@Article{ED00,
  Title                    = {Design and Deployment of a space elevator},
  Author                   = {Bradley C. Edwards},
  Journal                  = {Acta Astronautica},
  Year                     = {2000},
  Number                   = {10},
  Pages                    = {735-744},
  Volume                   = {47},

  Owner                    = {hagbard},
  Timestamp                = {2018.01.22}
}

@Article{PE75,
  Title                    = {The orbital tower: a spacecraft launcher using the Earth's rotational energy},
  Author                   = {Jerome Pearson},
  Journal                  = {Acta Astronautica},
  Year                     = {1975},
  Pages                    = {785-799},
  Volume                   = {2},

  Owner                    = {hagbard},
  Timestamp                = {2018.01.22}
}

@misc{wiki:Specific_strength,
   author = "Wikipedia",
   title = "{Specific strength} --- {W}ikipedia{,} The Free Encyclopedia",
   year = "2018",
   howpublished = {http://en.wikipedia.org/w/index.php?title=Specific\%20strength\&oldid=824392644},
   note = "[Online; accessed 14-February-2018]"
 }

